\usepackage[style=alphabetic,maxnames=4,minnames=3,maxbibnames=99]{biblatex}

@article{0Isaac,
  title={中央民族大学2025年环境监测实验课程采集数据},
}

@article{2016The,
  title={The Cambridge Companion to Newton || A brief introduction to the mathematical work of Isaac Newton},
  author={ Iliffe, Rob  and  Smith, George E. },
  volume={10.1017/CCO9781139058568},
  number={9},
  pages={382-420},
  year={2016},
}

@MISC{noauthor_undated-qy,
  howpublished = "\url{https://www.britannica.com/summary/Isaac-Newton.}",
  note         = "Accessed: 2023-3-26"
}

@misc{dataset,
  author = {环境监测},
  title = {中央民族大学2025年环境监测实验课程采集数据},
  year = {2025},
}